@article{fanelli2020analysis,
  title={Analysis and forecast of COVID-19 spreading in China, Italy and France},
  author={Fanelli, Duccio and Piazza, Francesco},
  journal={Chaos, Solitons \& Fractals},
  volume={134},
  pages={109761},
  year={2020},
  publisher={Elsevier}
}


@article{beigel2020remdesivir,
  title={Remdesivir for the treatment of Covid-19},
  author={Beigel, John H and Tomashek, Kay M and Dodd, Lori E and Mehta, Aneesh K and Zingman, Barry S and Kalil, Andre C and Hohmann, Elizabeth and Chu, Helen Y and Luetkemeyer, Annie and Kline, Susan and others},
  journal={New England Journal of Medicine},
  volume={383},
  number={19},
  pages={1813--1826},
  year={2020},
  publisher={Mass Medical Soc}
}

@article{ranney2020critical,
  title={Critical supply shortagesâ€”the need for ventilators and personal protective equipment during the Covid-19 pandemic},
  author={Ranney, Megan L and Griffeth, Valerie and Jha, Ashish K},
  journal={New England Journal of Medicine},
  volume={382},
  number={18},
  pages={e41},
  year={2020},
  publisher={Mass Medical Soc}
}


@article{fang2020transmission,
  title={Transmission dynamics of the COVID-19 outbreak and effectiveness of government interventions: A data-driven analysis},
  author={Fang, Yaqing and Nie, Yiting and Penny, Marshare},
  journal={Journal of medical virology},
  volume={92},
  number={6},
  pages={645--659},
  year={2020},
  publisher={Wiley Online Library}
}

@article{pfefferbaum2020mental,
  title={Mental health and the Covid-19 pandemic},
  author={Pfefferbaum, Betty and North, Carol S},
  journal={New England journal of medicine},
  volume={383},
  number={6},
  pages={510--512},
  year={2020},
  publisher={Mass Medical Soc}
}


@article{gosak2021endogenous,
  title={Endogenous social distancing and its underappreciated impact on the epidemic curve},
  author={Gosak, Marko and Kraemer, Moritz UG and Nax, Heinrich H and Perc, Matja{\v{z}} and Pradelski, Bary SR},
  journal={Scientific reports},
  volume={11},
  number={1},
  pages={1--10},
  year={2021},
  publisher={Springer}
}

@article{kleczkowski2015spontaneous,
  title={Spontaneous social distancing in response to a simulated epidemic: a virtual experiment},
  author={Kleczkowski, Adam and Maharaj, Savi and Rasmussen, Susan and Williams, Lynn and Cairns, Nicole},
  journal={BMC Public Health},
  volume={15},
  number={1},
  pages={1--13},
  year={2015},
  publisher={BioMed Central}
}


@article{gabaix2020behavioral,
  title={A behavioral New Keynesian model},
  author={Gabaix, Xavier},
  journal={American Economic Review},
  volume={110},
  number={8},
  pages={2271--2327},
  year={2020}
}